% Encoding: UTF-8

@Article{Friedman,
  author  = {Friedman},
  journal = {Annals of Statistics},
  title   = {Multivariate adaptive regression splines},
  year    = {1991},
}

@Book{Cornillon2019,
  author = {Pierre-André Cornillon; Nicolas Hengartner; Eric Matzner-Løber; Laurent Rouvière},
  title  = {Régression avec R},
  year   = {2019},
}

@Comment{jabref-meta: databaseType:bibtex;}
